<?xml version="1.0"?>
<marc:records xmlns:marc="http://www.loc.gov/MARC21/slim" xmlns:xsi="http://www.w3.org/2001/XMLSchema-instance" xsi:schemaLocation="http://www.loc.gov/MARC21/slim http://www.loc.gov/standards/marcxml/schema/MARC21slim.xsd">
  <marc:record>
    <marc:leader>02355ntd a2200373Ia 4500</marc:leader>
    <marc:controlfield tag="001">9978848720803681</marc:controlfield>
    <marc:controlfield tag="005">20220711143522.0</marc:controlfield>
    <marc:controlfield tag="008">220711q15001699ua            000 0 heb d</marc:controlfield>
    <marc:datafield ind1=" " ind2=" " tag="035">
  <marc:subfield code="a">(OCoLC)1335039639</marc:subfield>
</marc:datafield>
    <marc:datafield ind1=" " ind2=" " tag="035">
  <marc:subfield code="a">(OCoLC)on1335039639</marc:subfield>
</marc:datafield>
    <marc:datafield ind1=" " ind2=" " tag="040">
  <marc:subfield code="a">PAU</marc:subfield>
  <marc:subfield code="b">eng</marc:subfield>
  <marc:subfield code="e">dacs</marc:subfield>
  <marc:subfield code="c">PAU</marc:subfield>
</marc:datafield>
    <marc:datafield ind1=" " ind2="9" tag="099">
  <marc:subfield code="a">CAJS: RAR MS 85.126.28</marc:subfield>
</marc:datafield>
    <marc:datafield ind1="0" ind2="0" tag="245">
  <marc:subfield code="6">880-01</marc:subfield>
  <marc:subfield code="a">Samaritan Hebrew letter card,</marc:subfield>
  <marc:subfield code="f">1500?-1699?.</marc:subfield>
</marc:datafield>
    <marc:datafield ind1=" " ind2=" " tag="300">
  <marc:subfield code="a">1</marc:subfield>
  <marc:subfield code="f">leaf :</marc:subfield>
  <marc:subfield code="b">paper?</marc:subfield>
</marc:datafield>
    <marc:datafield ind1=" " ind2=" " tag="524">
  <marc:subfield code="a">UPenn CAJS: RAR MS 85.126.28.</marc:subfield>
</marc:datafield>
    <marc:datafield ind1=" " ind2=" " tag="546">
  <marc:subfield code="a">In Samaritan characters (Paleo-Hebrew).</marc:subfield>
</marc:datafield>
    <marc:datafield ind1="1" ind2=" " tag="561">
  <marc:subfield code="a">Formerly held in the Cairo Genizah Collection (Dropsie College).</marc:subfield>
</marc:datafield>
    <marc:datafield ind1="1" ind2=" " tag="561">
  <marc:subfield code="a">Transferred to the Cairo Genizah Collection (Library at the Herbert D. Katz Center for Advanced Judaic Studies, University of Pennsylvania).</marc:subfield>
</marc:datafield>
    <marc:datafield ind1=" " ind2="0" tag="650">
  <marc:subfield code="a">Samaritans</marc:subfield>
  <marc:subfield code="z">Middle East</marc:subfield>
  <marc:subfield code="y">17th century</marc:subfield>
  <marc:subfield code="x">History</marc:subfield>
  <marc:subfield code="v">Sources.</marc:subfield>
</marc:datafield>
    <marc:datafield ind1=" " ind2="0" tag="650">
  <marc:subfield code="a">Samaritans</marc:subfield>
  <marc:subfield code="x">Education.</marc:subfield>
</marc:datafield>
    <marc:datafield ind1=" " ind2="0" tag="650">
  <marc:subfield code="a">Samaritans</marc:subfield>
  <marc:subfield code="z">Egypt</marc:subfield>
  <marc:subfield code="y">17th century</marc:subfield>
  <marc:subfield code="x">History</marc:subfield>
  <marc:subfield code="v">Sources.</marc:subfield>
</marc:datafield>
    <marc:datafield ind1=" " ind2="0" tag="650">
  <marc:subfield code="a">Samaritans</marc:subfield>
  <marc:subfield code="x">Writing.</marc:subfield>
</marc:datafield>
    <marc:datafield ind1=" " ind2="0" tag="650">
  <marc:subfield code="a">Manuscript fragments</marc:subfield>
  <marc:subfield code="v">Specimens.</marc:subfield>
</marc:datafield>
    <marc:datafield ind1=" " ind2="7" tag="655">
  <marc:subfield code="a">fragments (object portions)</marc:subfield>
  <marc:subfield code="2">aat</marc:subfield>
</marc:datafield>
    <marc:datafield ind1=" " ind2="7" tag="655">
  <marc:subfield code="a">Manuscripts, Hebrew</marc:subfield>
  <marc:subfield code="y">16th century.</marc:subfield>
  <marc:subfield code="2">local</marc:subfield>
</marc:datafield>
    <marc:datafield ind1=" " ind2="7" tag="655">
  <marc:subfield code="a">Manuscripts, Hebrew</marc:subfield>
  <marc:subfield code="y">17th century.</marc:subfield>
  <marc:subfield code="2">local</marc:subfield>
</marc:datafield>
    <marc:datafield ind1=" " ind2="7" tag="655">
  <marc:subfield code="a">Hebrew alphabet</marc:subfield>
  <marc:subfield code="2">aat</marc:subfield>
</marc:datafield>
    <marc:datafield ind1="2" ind2=" " tag="710">
  <marc:subfield code="a">Cairo Genizah Collection (University of Pennsylvania. Center for Advanced Judaic Studies. Library).</marc:subfield>
  <marc:subfield code="k">Manuscript.</marc:subfield>
  <marc:subfield code="n">CAJS: RAR MS 85.126.28</marc:subfield>
</marc:datafield>
    <marc:datafield ind1="0" ind2=" " tag="773">
  <marc:subfield code="t">Cairo Genizah Collection.</marc:subfield>
</marc:datafield>
    <marc:datafield ind1=" " ind2=" " tag="852">
  <marc:subfield code="b">Library at the Herbert D. Katz Center for Advanced Judaic Studies</marc:subfield>
  <marc:subfield code="a">University of Pennsylvania</marc:subfield>
  <marc:subfield code="e">420 Walnut Street, Philadelphia, Pennsylvania 19106-3703.</marc:subfield>
  <marc:subfield code="j">CAJS: RAR MS 85.126.28</marc:subfield>
</marc:datafield>
    <marc:datafield ind1="0" ind2="0" tag="880">
  <marc:subfield code="6">245-01//r</marc:subfield>
  <marc:subfield code="a">&#x5E2;&#x5D1;&#x5E8;&#x5D9;&#x5EA;-&#x5E9;&#x5DE;&#x5E8;&#x5D5;&#x5E0;&#x5D9;&#x5EA; &#x5DB;&#x5E8;&#x5D8;&#x5D9;&#x5E1;-&#x5D4;&#x5D3;&#x5E8;&#x5DB;&#x5D4;,</marc:subfield>
  <marc:subfield code="f">1500?-1699?.</marc:subfield>
</marc:datafield>
    <marc:datafield ind1=" " ind2=" " tag="880">
  <marc:subfield code="6">520-00//r</marc:subfield>
  <marc:subfield code="a">Fragment of a letter card demonstrating Samaritan Hebrew script, showing scribal practices with letter formations; for example, the majuscule and minuscule letters &#x5DC; (recto side, upper right) and &#x5E1; (recto side, below double horizontal bounding-lines at bottom margin). Original straight lines of a grid survives; written in Samaritan Hebrew square and semicursive letters; possibly originated in Egypt or Syria in the 16th or 17th centuries.</marc:subfield>
</marc:datafield>
    <marc:datafield ind1=" " ind2=" " tag="948">
  <marc:subfield code="h">HELD BY PAU - 0 OTHER HOLDINGS</marc:subfield>
</marc:datafield>
    <marc:datafield ind1=" " ind2=" " tag="994">
  <marc:subfield code="a">Z0</marc:subfield>
  <marc:subfield code="b">PAU</marc:subfield>
</marc:datafield>
    <marc:holdings>
      <marc:holding>
        <marc:holding_id>22706622550003681</marc:holding_id>
        <marc:call_number>CAJS: RAR MS 85.126.28</marc:call_number>
        <marc:library>KatzLib</marc:library>
        <marc:location>cjsrar</marc:location>
      </marc:holding>
    </marc:holdings>
  </marc:record>
</marc:records>
